<record><leader>00000cas a2200000 a 4500</leader><controlfield tag="001">13146555</controlfield><controlfield tag="008">860213d18811882couwr ne      0    0eng d</controlfield><datafield ind1=" " ind2=" " tag="010"><subfield code="a">sn 86063203 </subfield></datafield><datafield ind1=" " ind2=" " tag="040"><subfield code="a">KSH</subfield><subfield code="b">eng</subfield><subfield code="c">KSH</subfield><subfield code="d">NPT</subfield><subfield code="d">CNQ</subfield><subfield code="d">OCL</subfield><subfield code="d">OCLCQ</subfield></datafield><datafield ind1=" " ind2=" " tag="042"><subfield code="a">msc</subfield></datafield><datafield ind1="0" ind2=" " tag="130"><subfield code="a">Weekly republic (Colorado Springs, Colo. : 1881)</subfield></datafield><datafield ind1="1" ind2="0" tag="245"><subfield code="a">Weekly republic.</subfield></datafield><datafield ind1=" " ind2=" " tag="260"><subfield code="a">Colorado Springs, Colo. :</subfield><subfield code="b">Republic Print. Co.</subfield></datafield><datafield ind1=" " ind2=" " tag="300"><subfield code="a">v.</subfield></datafield><datafield ind1=" " ind2=" " tag="310"><subfield code="a">Weekly</subfield></datafield><datafield ind1="1" ind2=" " tag="362"><subfield code="a">Began in 1881?</subfield></datafield><datafield ind1=" " ind2=" " tag="588"><subfield code="a">Description based on: Vol. 1, no. 7 (Jan. 12, 1882).</subfield></datafield><datafield ind1=" " ind2=" " tag="752"><subfield code="a">United States</subfield><subfield code="b">Colorado</subfield><subfield code="c">El Paso</subfield><subfield code="d">Colorado Springs.</subfield></datafield><datafield ind1="0" ind2=" " tag="775"><subfield code="t">Daily republic</subfield><subfield code="w">(DLC)sn 85067327</subfield></datafield><datafield ind1="0" ind2="7" tag="785"><subfield code="t">Colorado weekly mountaineer</subfield><subfield code="w">(DLC)sn 91052575</subfield></datafield><datafield ind1="0" ind2="7" tag="785"><subfield code="t">Weekly republic and Colorado mountaineer</subfield><subfield code="w">(DLC)sn 91052345</subfield></datafield><datafield ind1="1" ind2=" " tag="029"><subfield code="a">AU@</subfield><subfield code="b">000022167437</subfield></datafield></record>